<record><leader>01159crm a2200289 a 4500</leader><controlfield tag="001">1375302</controlfield><controlfield tag="008">910516s1985    nyu               aneng c</controlfield><datafield ind1=" " ind2=" " tag="035"><subfield code="a">ocm70345862</subfield></datafield><datafield ind1=" " ind2=" " tag="040"><subfield code="b">eng</subfield></datafield><datafield ind1=" " ind2=" " tag="043"><subfield code="a">n-us---</subfield></datafield><datafield ind1=" " ind2=" " tag="049"><subfield code="a">AEU</subfield><subfield code="b">eng</subfield></datafield><datafield ind1=" " ind2="3" tag="055"><subfield code="a">N 7433.4 R815</subfield><subfield code="b">A6 F8 1985</subfield></datafield><datafield ind1="0" ind2=" " tag="090"><subfield code="a">N 7433.4 R815 A6 F8 1985</subfield></datafield><datafield ind1="1" ind2=" " tag="100"><subfield code="a">Rosenberg, M. R.</subfield><subfield code="q">(Marilyn R.)</subfield></datafield><datafield ind1="1" ind2="0" tag="245"><subfield code="a">Fragile 4</subfield><subfield code="h">[art original].</subfield></datafield><datafield ind1=" " ind2=" " tag="260"><subfield code="a">[Peekskill :</subfield><subfield code="b">M. Rosenberg],</subfield><subfield code="c">c1985.</subfield></datafield><datafield ind1=" " ind2=" " tag="300"><subfield code="a">1 artist's book ([20] p.) :</subfield><subfield code="b">col. ;</subfield><subfield code="c">16 cm., in clamshell box, 18 cm.</subfield></datafield><datafield ind1=" " ind2=" " tag="336"><subfield code="a">three-dimensional form</subfield><subfield code="b">tdf</subfield><subfield code="2">rdacontent</subfield></datafield><datafield ind1=" " ind2=" " tag="338"><subfield code="a">object</subfield><subfield code="b">nr</subfield><subfield code="2">rdacarrier</subfield></datafield><datafield ind1=" " ind2=" " tag="500"><subfield code="a">Unique artist's book by Marilyn R. Rosenberg, consisting of circular and kinetic imagery and text. Wrapped and tied with altered leaf and ribbon (title on leaf: Surround).</subfield></datafield><datafield ind1=" " ind2=" " tag="590"><subfield code="a">University of Alberta copy signed by the artist.</subfield><subfield code="5">CaAEU</subfield></datafield><datafield ind1=" " ind2=" " tag="596"><subfield code="a">50</subfield></datafield><datafield ind1="1" ind2="0" tag="600"><subfield code="a">Rosenberg, M. R.</subfield><subfield code="q">(Marilyn R.)</subfield></datafield><datafield ind1=" " ind2="0" tag="650"><subfield code="a">Artists' books</subfield><subfield code="z">United States.</subfield></datafield><datafield ind1=" " ind2="7" tag="655"><subfield code="a">Unique books.</subfield><subfield code="2">rbgenr</subfield></datafield><datafield ind1="0" ind2=" " tag="740"><subfield code="a">Surround.</subfield></datafield><datafield ind1=" " ind2=" " tag="926"><subfield code="a">N 7433.4 R815 A6 F8 1985</subfield><subfield code="w">LC</subfield><subfield code="c">1</subfield><subfield code="i">000036522423</subfield><subfield code="l">SPECIALCOL</subfield><subfield code="m">UASPCOLL</subfield><subfield code="p">$150.00</subfield><subfield code="r">Y</subfield><subfield code="s">Y</subfield><subfield code="t">NO_LOAN</subfield><subfield code="u">5/24/1991</subfield></datafield></record>